<?xml version="1.0" encoding="UTF-8"?><record xmlns="http://www.loc.gov/MARC21/slim" xmlns:cinclude="http://apache.org/cocoon/include/1.0" xmlns:zs="http://www.loc.gov/zing/srw/">
  <leader>00528cz  a2200157n  4500</leader>
  <controlfield tag="001">n  81013708 </controlfield>
  <controlfield tag="003">DLC</controlfield>
  <controlfield tag="005">20010310071915.0</controlfield>
  <controlfield tag="008">810311nc acannaabn          |a aaa      </controlfield>
  <datafield tag="010" ind1=" " ind2=" ">
    <subfield code="a">n  81013708 </subfield>
  </datafield>
  <datafield tag="035" ind1=" " ind2=" ">
    <subfield code="a">(OCoLC)oca00559615</subfield>
  </datafield>
  <datafield tag="040" ind1=" " ind2=" ">
    <subfield code="a">DLC</subfield>
    <subfield code="b">eng</subfield>
    <subfield code="c">DLC</subfield>
    <subfield code="d">OCoLC</subfield>
  </datafield>
  <datafield tag="100" ind1="1" ind2=" ">
    <subfield code="a">Li, Da,</subfield>
    <subfield code="d">1890-1966.</subfield>
    <subfield code="t">"Shi jian lun" jie shuo</subfield>
  </datafield>
  <datafield tag="400" ind1="1" ind2=" ">
    <subfield code="a">Li, Da,</subfield>
    <subfield code="d">1890-1966.</subfield>
    <subfield code="t">"Shi jian lun," "Mao dun lun" jie shuo</subfield>
  </datafield>
  <datafield tag="400" ind1="1" ind2=" ">
    <subfield code="w">nnea</subfield>
    <subfield code="a">Li, Ta,</subfield>
    <subfield code="d">1890-1966.</subfield>
    <subfield code="t">"Shih chien lun" chieh shuo</subfield>
  </datafield>
  <datafield tag="670" ind1=" " ind2=" ">
    <subfield code="a">His "Shih chien lun," "Mao tun lun" chieh shuo, 1979.</subfield>
  </datafield>
</record>